<?xml version = "1.0" encoding = "UTF-8"?>
  <collection xmlns="http://www.loc.gov/MARC21/slim"
xmlns:xsi="http://www.w3.org/2001/XMLSchema-instance"
xsi:schemaLocation="http://www.loc.gov/MARC21/slim
http://www.loc.gov/standards/marcxml/schema/MARC21slim.xsd">
    <record xmlns="http://www.loc.gov/MARC21/slim"
xmlns:xsi="http://www.w3.org/2001/XMLSchema-instance"
xsi:schemaLocation="http://www.loc.gov/MARC21/slim
http://www.loc.gov/standards/marcxml/schema/MARC21slim.xsd">
      <leader>00000nam a22      a 4500</leader>
      <controlfield tag="001">000674452</controlfield>
      <controlfield tag="003">CZ PrSTK</controlfield>
      <controlfield tag="005">20110912144303.0</controlfield>
      <controlfield tag="008">110812s1539    xr a   f     |||1 0 cze d</controlfield>
      <datafield tag="040" ind1=" " ind2=" ">
        <subfield code="a">ABA013</subfield>
        <subfield code="b">cze</subfield>
      </datafield>
      <datafield tag="072" ind1=" " ind2="7">
        <subfield code="a">271/279</subfield>
        <subfield code="x">Křesťanské církve, sekty, denominace</subfield>
        <subfield code="2">Konspekt</subfield>
        <subfield code="9">5</subfield>
      </datafield>
      <datafield tag="080" ind1=" " ind2=" ">
        <subfield code="a">27-878.3</subfield>
      </datafield>
      <datafield tag="080" ind1=" " ind2=" ">
        <subfield code="a">27-42</subfield>
      </datafield>
      <datafield tag="100" ind1="1" ind2=" ">
        <subfield code="a">Tovačovský z Cimburka, Ctibor,</subfield>
        <subfield code="d">1438-1494</subfield>
        <subfield code="7">jk01132835</subfield>
        <subfield code="4">aut</subfield>
      </datafield>
      <datafield tag="245" ind1="1" ind2="0">
        <subfield code="a">Knijha vrozeneho pana pana Stibora z Cymburka a z Towačowa ec: Kteraž gest oddana slawne pamieti nayiasniegssimu krali Girzimu ec: Cžeskemu Gehomilosti</subfield>
        <subfield code="h">[elektronický zdroj]</subfield>
      </datafield>
      <datafield tag="246" ind1="3" ind2="3">
        <subfield code="a">Kniha urozeného pana pana ctibora z Cymburka a z Tovačova ec., kteráž jest oddána slavné paměti nejjasnějšímu králi Jiřímu ec. Českému Jeho milosti</subfield>
      </datafield>
      <datafield tag="256" ind1=" " ind2=" ">
        <subfield code="a">Textová data</subfield>
      </datafield>
      <datafield tag="260" ind1=" " ind2=" ">
        <subfield code="a">W Slawném Miestie Pražském :</subfield>
        <subfield code="b">A tyto knijhy sau wykonány Nákladem a pracý Jana Cukrmana z Kuprsstorfu,</subfield>
        <subfield code="c">1539</subfield>
        <subfield code="f">(Wytisstiena gest tato Knijha skrze mne Seweryna Mladssyho, Miesstienijna Téhož Slawného Miesta Pražského Starého)</subfield>
      </datafield>
      <datafield tag="300" ind1=" " ind2=" ">
        <subfield code="a">[1], CXXXI, [4] l. :</subfield>
        <subfield code="b">il.</subfield>
      </datafield>
      <datafield tag="500" ind1=" " ind2=" ">
        <subfield code="a">Obsahuje rejstřík</subfield>
      </datafield>
      <datafield tag="500" ind1=" " ind2=" ">
        <subfield code="a">Naklatelské údaje uvedeny z kolofonu</subfield>
      </datafield>
      <datafield tag="505" ind1="2" ind2=" ">
        <subfield code="a">Na I a.: Počinagij se Knijhy Hadanij Prawdy a Lži o Kniežske zbožij a panowanij gich: A tuto klečij skladatel Knih tiechto, chwalu wzdawage Trogicy Swate: A gest prwnij Przedmluwa. -- Na Y1 a: Registrum na List početnij. -- Na Y3 b: Leta Božijho Tisycyho Cžtyrzysteho Ssedesatého Sedmého. Tyto Knijhy složeny gsau od Vrozeného Pána Pana Ctibora z Cymburka a z Towačowa ec: Slawné pamieti Nayjasniegssymu Králi Giřijmu ... A tyto Knijhy sau wykonány Nákladem a pracý Jana Cukrmana z Ruprsstorfu ec.</subfield>
      </datafield>
      <datafield tag="506" ind1=" " ind2=" ">
        <subfield code="a">Přístup pouze pro oprávněné uživatele</subfield>
      </datafield>
      <datafield tag="510" ind1="4" ind2=" ">
        <subfield code="a">Knihopis,</subfield>
        <subfield code="c">K01711</subfield>
      </datafield>
      <datafield tag="538" ind1=" " ind2=" ">
        <subfield code="a">On-line přístup</subfield>
      </datafield>
      <datafield tag="650" ind1="0" ind2="7">
        <subfield code="a">církev a společnost</subfield>
        <subfield code="x">na</subfield>
        <subfield code="2">psh</subfield>
      </datafield>
      <datafield tag="650" ind1="0" ind2="7">
        <subfield code="a">náboženská morálka</subfield>
        <subfield code="x">na</subfield>
        <subfield code="2">psh</subfield>
      </datafield>
      <datafield tag="650" ind1="0" ind2="7">
        <subfield code="a">reformační teologie</subfield>
        <subfield code="x">na</subfield>
        <subfield code="2">psh</subfield>
      </datafield>
      <datafield tag="655" ind1=" " ind2="4">
        <subfield code="a">elektronické knihy</subfield>
      </datafield>
      <datafield tag="700" ind1="1" ind2=" ">
        <subfield code="a">Severýn, Jan,</subfield>
        <subfield code="d">činný 1539-ca 1545</subfield>
        <subfield code="7">jo2010557908</subfield>
      </datafield>
      <datafield tag="856" ind1="4" ind2="1">
        <subfield code="u">http://df.ntkcz.cz/kramerius/handle/ABA013/23596</subfield>
        <subfield code="y">Digitalizovaný dokument</subfield>
      </datafield>
      <datafield tag="OWN" ind1=" " ind2=" ">
        <subfield code="a">PUBLIC</subfield>
      </datafield>
      <datafield tag="910" ind1=" " ind2=" ">
        <subfield code="a">ABA013</subfield>
        <subfield code="b">EB 00930</subfield>
      </datafield>
    </record>