

<record xmlns="http://www.loc.gov/MARC21/slim"
xmlns:xsi="http://www.w3.org/2001/XMLSchema-instance"
xsi:schemaLocation="http://www.loc.gov/MARC21/slim
http://www.loc.gov/standards/marcxml/schema/MARC21slim.xsd">
  <leader>00000nam a22      a 4500</leader>
  <controlfield tag="001">000613938</controlfield>
  <controlfield tag="003">CZ PrSTK</controlfield>
  <controlfield tag="005">20111101092259.0</controlfield>
  <controlfield tag="008">970902s1657    gw     f      000 0 lat d</controlfield>
  <datafield tag="040" ind1=" " ind2=" ">
    <subfield code="a">ABA013</subfield>
    <subfield code="b">cze</subfield>
  </datafield>
  <datafield tag="080" ind1=" " ind2=" ">
    <subfield code="a">51</subfield>
  </datafield>
  <datafield tag="080" ind1=" " ind2=" ">
    <subfield code="a">5</subfield>
  </datafield>
  <datafield tag="084" ind1=" " ind2=" ">
    <subfield code="a">VI.A.</subfield>
  </datafield>
  <datafield tag="084" ind1=" " ind2=" ">
    <subfield code="a">IV.A.</subfield>
  </datafield>
  <datafield tag="100" ind1="1" ind2=" ">
    <subfield code="a">Trew, Abdias,</subfield>
    <subfield code="d">1597-1669</subfield>
    <subfield code="7">ola2006357344</subfield>
  </datafield>
  <datafield tag="245" ind1="1" ind2="0">
    <subfield code="a">Directorium mathematicum ad cujus ductum et informationem tota Mathesis et omnes ejusdem partes, nominatim Arithmetica, Geometria, Astronomia, Geographia, Optica, Harmonica, Mechanica methodice doceri et facile disci possunt /</subfield>
    <subfield code="c">authore M. Abdia Trew</subfield>
  </datafield>
  <datafield tag="260" ind1=" " ind2=" ">
    <subfield code="a">Altdorphi :</subfield>
    <subfield code="b">Typ. Georgi Hagen,</subfield>
    <subfield code="c">1657</subfield>
  </datafield>
  <datafield tag="300" ind1=" " ind2=" ">
    <subfield code="a">1 sv. ;</subfield>
    <subfield code="c">8° (20x17 cm)</subfield>
  </datafield>
  <datafield tag="500" ind1=" " ind2=" ">
    <subfield code="a">Datum vydání podle data předmluvy</subfield>
    <subfield code="5">CZ-PrSTK</subfield>
  </datafield>
  <datafield tag="501" ind1=" " ind2=" ">
    <subfield code="a">Obsahuje přívazek: Directorium Mathematicum Hoc est De artificiosa per Circulos Positonum, dirigendi Themata Natalitia metodo</subfield>
    <subfield code="5">CZ-PrSTK</subfield>
  </datafield>
  <datafield tag="501" ind1=" " ind2=" ">
    <subfield code="a">Obsahuje přívazek: Computus Directionum Astronomicus, das ist New Inventirte vnd Calculirte Astronomische Taffeln der Künstlichen, Jahr Rechnungen der Nativiteten die Satz-Circul vnd Lauffe dess Aequatoris, ...</subfield>
    <subfield code="5">CZ-PrSTK</subfield>
  </datafield>
  <datafield tag="501" ind1=" " ind2=" ">
    <subfield code="a">Obsahuje přívazek: Dissertatio de triplici algebrae Cartesianae algorithmo</subfield>
    <subfield code="5">CZ-PrSTK</subfield>
  </datafield>
  <datafield tag="501" ind1=" " ind2=" ">
    <subfield code="a">Obsahuje přívazek: Francisci a Schooten Principia Matheseos Universalis, seu Introductio ad Geometriae methodum Renati Des Cartes ...</subfield>
    <subfield code="5">CZ-PrSTK</subfield>
  </datafield>
  <datafield tag="501" ind1=" " ind2=" ">
    <subfield code="a">Obsahuje přívazek: Francisci a Schooten Exercitationum mathematicarum libri quinque</subfield>
    <subfield code="5">CZ-PrSTK</subfield>
  </datafield>
  <datafield tag="501" ind1=" " ind2=" ">
    <subfield code="a">Obsahuje přívazek: Positionum mathematicarum Sylloge ...</subfield>
    <subfield code="5">CZ-PrSTK</subfield>
  </datafield>
  <datafield tag="501" ind1=" " ind2=" ">
    <subfield code="a">Obsahuje přívazek: Samuelis Reyheri Bacilli Sexagenales, i.e. Descriptio Logisticae Sexagenariae per Bacillos exercendae, cui praemittuntur Utilia quaedam problemata ...</subfield>
    <subfield code="5">CZ-PrSTK</subfield>
  </datafield>
  <datafield tag="501" ind1=" " ind2=" ">
    <subfield code="a">Obsahuje přívazek: Dissertatio de Cometis, eorumque generatione, figure, moto, lumine et prognosticis</subfield>
    <subfield code="5">CZ-PrSTK</subfield>
  </datafield>
  <datafield tag="501" ind1=" " ind2=" ">
    <subfield code="a">Obsahuje přívazek: Optica oculorum vitia</subfield>
    <subfield code="5">CZ-PrSTK</subfield>
  </datafield>
  <datafield tag="501" ind1=" " ind2=" ">
    <subfield code="a">Obsahuje přívazek: Disquisitio Physico-Mathematica de presbytis et myopibus ...</subfield>
    <subfield code="5">CZ-PrSTK</subfield>
  </datafield>
  <datafield tag="501" ind1=" " ind2=" ">
    <subfield code="a">Obsahuje přívazek: Visionis sensum nobilissimum ex obscurae camerae tenebris iuculenter-illustrans dissertatio optico-physica</subfield>
    <subfield code="5">CZ-PrSTK</subfield>
  </datafield>
  <datafield tag="501" ind1=" " ind2=" ">
    <subfield code="a">Obsahuje přívazek: Primaria gravium leviumque Phaenomena ad Principia causasque suas reducens exercitatio</subfield>
    <subfield code="5">CZ-PrSTK</subfield>
  </datafield>
  <datafield tag="501" ind1=" " ind2=" ">
    <subfield code="a">Obsahuje přívazek: Dissertatio academica de barometris, quam ...</subfield>
    <subfield code="5">CZ-PrSTK</subfield>
  </datafield>
  <datafield tag="501" ind1=" " ind2=" ">
    <subfield code="a">Obsahuje přívazek: Hydraulicam</subfield>
    <subfield code="5">CZ-PrSTK</subfield>
  </datafield>
  <datafield tag="501" ind1=" " ind2=" ">
    <subfield code="a">Obsahuje přívazek: De computo gregoriano, seu stylo novo, dissertatio</subfield>
    <subfield code="5">CZ-PrSTK</subfield>
  </datafield>
  <datafield tag="501" ind1=" " ind2=" ">
    <subfield code="a">Obsahuje přívazek: Erhardi Weigelii ... Unmassgebiger Vorschlag, die Zeit-Vereinigung auf das füglichste zu treffen</subfield>
    <subfield code="5">CZ-PrSTK</subfield>
  </datafield>
  <datafield tag="501" ind1=" " ind2=" ">
    <subfield code="a">Obsahuje přívazek: Summarischer Bericht, von der Bißhero differenten, künfftig zu conciliirenden Zeit- und Fest-Rechnung</subfield>
    <subfield code="5">CZ-PrSTK</subfield>
  </datafield>
  <datafield tag="505" ind1="2" ind2=" ">
    <subfield code="a">Obsahuje přívazek: Libellus 1, in quo continentur Arithmetica toti praxi ... 46 s., 1 příl. -- Libellus 2, in quo continentur Geometria practica ... 38 s., [III] příl. -- Libellus 3, in quo continentur ... Astronomia, Geographia, Optica, Harmonica, Mechanica. 23, [4], 16, 12, 56, 55 s., [7] obr. příl.</subfield>
  </datafield>
  <datafield tag="510" ind1="4" ind2=" ">
    <subfield code="a">Poggendorff,</subfield>
    <subfield code="c">Bd. II, s. 1133</subfield>
  </datafield>
  <datafield tag="561" ind1=" " ind2=" ">
    <subfield code="a">Na tit. s. oválné razítko Boehm Staend techn. Institut, na přídeští exlibris Königl Böhm Ständische technische Lehranstalt, na příl. oválné razítko Bibliothek des K. Boehm. Polyt. Landesinstut. Na přídeští rukopisný zápis obsahu konvolutu</subfield>
    <subfield code="5">CZ-PrSTK</subfield>
  </datafield>
  <datafield tag="563" ind1=" " ind2=" ">
    <subfield code="a">Vazba pergamenová</subfield>
    <subfield code="5">CZ-PrSTK</subfield>
  </datafield>
  <datafield tag="650" ind1="0" ind2="7">
    <subfield code="a">přírodní vědy</subfield>
    <subfield code="x">fi</subfield>
    <subfield code="2">psh</subfield>
  </datafield>
  <datafield tag="650" ind1="0" ind2="7">
    <subfield code="a">historie</subfield>
    <subfield code="x">hi</subfield>
    <subfield code="2">psh</subfield>
  </datafield>
  <datafield tag="856" ind1="4" ind2="1">
    <subfield code="u">http://df.ntkcz.cz/kramerius/handle/ABA013/23601</subfield>
    <subfield code="y">Digitalizovaný dokument</subfield>
  </datafield>
  <datafield tag="991" ind1=" " ind2=" ">
    <subfield code="a">17</subfield>
  </datafield>
  <datafield tag="SKC" ind1=" " ind2=" ">
    <subfield code="a">r</subfield>
    <subfield code="b">z</subfield>
  </datafield>
  <datafield tag="OWN" ind1=" " ind2=" ">
    <subfield code="a">PUBLIC</subfield>
  </datafield>
  <datafield tag="910" ind1=" " ind2=" ">
    <subfield code="a">ABA013</subfield>
    <subfield code="b">A 231</subfield>
  </datafield>
  <datafield tag="984" ind1=" " ind2=" ">
    <subfield code="a">Altdorf</subfield>
    <subfield code="b">Německo</subfield>
  </datafield>
  <datafield tag="903" ind1=" " ind2=" ">
    <subfield code="a">RP</subfield>
  </datafield>
</record>