

<record xmlns="http://www.loc.gov/MARC21/slim"
xmlns:xsi="http://www.w3.org/2001/XMLSchema-instance"
xsi:schemaLocation="http://www.loc.gov/MARC21/slim
http://www.loc.gov/standards/marcxml/schema/MARC21slim.xsd">
  <leader>00000nam a22      a 4500</leader>
  <controlfield tag="001">000606452</controlfield>
  <controlfield tag="003">CZ PrSTK</controlfield>
  <controlfield tag="005">20110922104336.0</controlfield>
  <controlfield tag="008">970902s1728    xr a   f      000 0 lat d</controlfield>
  <datafield tag="040" ind1=" " ind2=" ">
    <subfield code="a">ABA013</subfield>
    <subfield code="b">cze</subfield>
  </datafield>
  <datafield tag="080" ind1=" " ind2=" ">
    <subfield code="a">6</subfield>
  </datafield>
  <datafield tag="080" ind1=" " ind2=" ">
    <subfield code="a">677.027</subfield>
  </datafield>
  <datafield tag="084" ind1=" " ind2=" ">
    <subfield code="a">VII.C.m)</subfield>
  </datafield>
  <datafield tag="100" ind1="1" ind2=" ">
    <subfield code="a">Valdštejn, Jan Josef</subfield>
  </datafield>
  <datafield tag="245" ind1="1" ind2="0">
    <subfield code="a">DesIgnatIo IConographICa OberLeVtensDorfenses PannarIas OffICInas VVLgo FabrICas PenICILLI arbItrIo Representans :</subfield>
    <subfield code="b">quas sub fortunatissimis auspiciis gloriosissime imperantis Magni Caesaris Caroli VI., Hispaniae, Hungariae, Bohemiae, &amp;c: regis, Patriae patris, eo enim auspice reviviscunt artes, pallas renas citur, manufactura, negotiationed &amp; commercia reflorescunt, aurea revertuntur secula &amp; senilifracta, aetate Bohemiae juvenescens postliminiô lacertos rurfus movere incipit: sumptuoso opere, sumptu operoso ad utilitatem publicam erectas augustalibus spectabiles oculis /</subfield>
    <subfield code="c">In Pagina hac exhibet Ioannes Iosephus Comes de Waldstein</subfield>
  </datafield>
  <datafield tag="260" ind1=" " ind2=" ">
    <subfield code="a">Prag :</subfield>
    <subfield code="b">[s.n.],</subfield>
    <subfield code="c">1728</subfield>
  </datafield>
  <datafield tag="300" ind1=" " ind2=" ">
    <subfield code="a">[20] l. mědirytin ;</subfield>
    <subfield code="c">4° (29x41 cm)</subfield>
  </datafield>
  <datafield tag="500" ind1=" " ind2=" ">
    <subfield code="a">Vročení dle chronogramu</subfield>
    <subfield code="5">CZ-PrSTK</subfield>
  </datafield>
  <datafield tag="500" ind1=" " ind2=" ">
    <subfield code="a">Rytý tit. list</subfield>
    <subfield code="5">CZ-PrSTK</subfield>
  </datafield>
  <datafield tag="500" ind1=" " ind2=" ">
    <subfield code="a">Na tit. s. v alegorickém rámci vyobrazení Horního Litvínova a ve vavřínovém věnci obraz Karla IV., signováno Wenzes: Laurent Reiner Inv. et delineavit, A. Birckhart sculp. Prag. 19 rytin, z nichž první tři jsou plány a vyobrazení továrny na sukno v Horním Litvínově (signováno Ioann Ios Ditzler fec. a Birckhart sculp.), dalších 16 představuje vyobrazení a popis práce ve jmenované továrně signováno střídavě I.C. Turner del., Fischer sculp., Turner del., Birckhart sculp.</subfield>
    <subfield code="5">CZ-PrSTK</subfield>
  </datafield>
  <datafield tag="561" ind1=" " ind2=" ">
    <subfield code="a">Na tit. s. oválné razítko Boehm Staend. techn. Institut, na rytinách (s výjimkou listu 19) oválné razítko Bibliothek der K. Boehm. Polyt. Landesinstitut</subfield>
    <subfield code="5">CZ-PrSTK</subfield>
  </datafield>
  <datafield tag="563" ind1=" " ind2=" ">
    <subfield code="a">Vazba nová polopergamenová, desky tmavé zdobené mřížkou, ořízka na hlavě červeně barvená (převazba v r. 1965)</subfield>
    <subfield code="5">CZ-PrSTK</subfield>
  </datafield>
  <datafield tag="583" ind1=" " ind2=" ">
    <subfield code="a">Restaurováno</subfield>
    <subfield code="c">1965</subfield>
    <subfield code="5">CZ-PrSTK</subfield>
  </datafield>
  <datafield tag="650" ind1="1" ind2="4">
    <subfield code="a">textil</subfield>
    <subfield code="x">sp</subfield>
    <subfield code="2">psh</subfield>
  </datafield>
  <datafield tag="700" ind1="0" ind2=" ">
    <subfield code="a">Karel</subfield>
    <subfield code="b">VI.,</subfield>
    <subfield code="c">římskoněmecký císař,</subfield>
    <subfield code="d">1685-1740</subfield>
    <subfield code="7">js20011212085</subfield>
    <subfield code="4">dte</subfield>
  </datafield>
  <datafield tag="700" ind1="1" ind2=" ">
    <subfield code="a">Dietzler, Johann Joseph</subfield>
    <subfield code="4">art</subfield>
  </datafield>
  <datafield tag="700" ind1="1" ind2=" ">
    <subfield code="a">Reiner, Václav Vavřinec,</subfield>
    <subfield code="d">1689-1743</subfield>
    <subfield code="7">jn20000728552</subfield>
    <subfield code="c">art</subfield>
  </datafield>
  <datafield tag="700" ind1="1" ind2=" ">
    <subfield code="a">Birkhard, Antonín,</subfield>
    <subfield code="d">1677-1748</subfield>
    <subfield code="7">jn20011024062</subfield>
    <subfield code="c">art</subfield>
  </datafield>
  <datafield tag="700" ind1="1" ind2=" ">
    <subfield code="a">Turner, I. C.</subfield>
    <subfield code="4">art</subfield>
  </datafield>
  <datafield tag="700" ind1="1" ind2=" ">
    <subfield code="a">Fischer, Jan František,</subfield>
    <subfield code="d">zemř. 1740</subfield>
    <subfield code="7">jo2009507493</subfield>
    <subfield code="4">art</subfield>
  </datafield>
  <datafield tag="856" ind1="4" ind2="1">
    <subfield code="u">http://df.ntkcz.cz/kramerius/handle/ABA013/22832</subfield>
    <subfield code="y">Digitalizovaný dokument</subfield>
  </datafield>
  <datafield tag="991" ind1=" " ind2=" ">
    <subfield code="a">18</subfield>
  </datafield>
  <datafield tag="SKC" ind1=" " ind2=" ">
    <subfield code="a">r</subfield>
  </datafield>
  <datafield tag="OWN" ind1=" " ind2=" ">
    <subfield code="a">PUBLIC</subfield>
  </datafield>
  <datafield tag="910" ind1=" " ind2=" ">
    <subfield code="a">ABA013</subfield>
    <subfield code="b">B 96</subfield>
  </datafield>
  <datafield tag="984" ind1=" " ind2=" ">
    <subfield code="a">Praha</subfield>
    <subfield code="b">Česko</subfield>
  </datafield>
</record>