

<record xmlns="http://www.loc.gov/MARC21/slim"
xmlns:xsi="http://www.w3.org/2001/XMLSchema-instance"
xsi:schemaLocation="http://www.loc.gov/MARC21/slim
http://www.loc.gov/standards/marcxml/schema/MARC21slim.xsd">
  <leader>00000nam a22      a 4500</leader>
  <controlfield tag="001">000603045</controlfield>
  <controlfield tag="003">CZ PrSTK</controlfield>
  <controlfield tag="005">20110922141058.0</controlfield>
  <controlfield tag="008">031021s1803    gw     f      000 0 ger d</controlfield>
  <datafield tag="040" ind1=" " ind2=" ">
    <subfield code="a">ABA013</subfield>
    <subfield code="b">cze</subfield>
  </datafield>
  <datafield tag="080" ind1=" " ind2=" ">
    <subfield code="a">631.3</subfield>
  </datafield>
  <datafield tag="084" ind1=" " ind2=" ">
    <subfield code="a">XIV.B.</subfield>
  </datafield>
  <datafield tag="084" ind1=" " ind2=" ">
    <subfield code="a">XII.C.b)</subfield>
  </datafield>
  <datafield tag="100" ind1="1" ind2=" ">
    <subfield code="a">Riem, Johann,</subfield>
    <subfield code="d">1730-1807</subfield>
    <subfield code="7">mzk2007408505</subfield>
  </datafield>
  <datafield tag="245" ind1="1" ind2="0">
    <subfield code="a">Modell-Magazin für Oekonomen, oder, Abbildung und Beschreibung der nützlichsten und bequemsten Geräthschaften, Werkzeuge und Geschirre für Haushaltungen, Landwirthschaften, Viehzucht, Feld- Garten- und Wiesenbau, Brauerei und Branntweinbrennerei.</subfield>
    <subfield code="n">Zweites Heft /</subfield>
    <subfield code="c">Nach den neuesten in- und ausländischen Erfindungen und Verbesserungen von Johann Riem und J.A. Heine</subfield>
  </datafield>
  <datafield tag="260" ind1=" " ind2=" ">
    <subfield code="a">Leipzig :</subfield>
    <subfield code="b">Voss und Compagnie,</subfield>
    <subfield code="c">1803</subfield>
  </datafield>
  <datafield tag="300" ind1=" " ind2=" ">
    <subfield code="a">s. 29-50, vii-xii l. obr. příl. ;</subfield>
    <subfield code="c">30x22 cm</subfield>
  </datafield>
  <datafield tag="500" ind1=" " ind2=" ">
    <subfield code="a">Brožura v papírové obálce</subfield>
    <subfield code="5">CZ-PrSTK</subfield>
  </datafield>
  <datafield tag="500" ind1=" " ind2=" ">
    <subfield code="a">Tištěno gotikou</subfield>
    <subfield code="5">CZ-PrSTK</subfield>
  </datafield>
  <datafield tag="500" ind1=" " ind2=" ">
    <subfield code="a">Na obr. příl. zobrazení různých mechanických zařízení a strojů signováno Heine del., Hüllmann sc., Böttger sc.</subfield>
    <subfield code="5">CZ-PrSTK</subfield>
  </datafield>
  <datafield tag="561" ind1=" " ind2=" ">
    <subfield code="a">Na tit. s. oválné razítko Boehm. Staend. techn. Institut, na všech příl. oválné razítko Bibliothek des K. Boehm. Polyt. Landesinstut, na rubu předního listu obálky exlibris Königl Böhm Ständische technische Lehranstalt</subfield>
    <subfield code="5">CZ-PrSTK</subfield>
  </datafield>
  <datafield tag="700" ind1="1" ind2=" ">
    <subfield code="a">Voss, Georg</subfield>
    <subfield code="e">knihkupec, nakladatel</subfield>
  </datafield>
  <datafield tag="856" ind1="4" ind2="1">
    <subfield code="u">http://df.ntkcz.cz/kramerius/handle/ABA013/23586</subfield>
    <subfield code="y">Digitalizovaný dokument</subfield>
  </datafield>
  <datafield tag="991" ind1=" " ind2=" ">
    <subfield code="a">19</subfield>
  </datafield>
  <datafield tag="SKC" ind1=" " ind2=" ">
    <subfield code="a">r</subfield>
  </datafield>
  <datafield tag="OWN" ind1=" " ind2=" ">
    <subfield code="a">PUBLIC</subfield>
  </datafield>
  <datafield tag="910" ind1=" " ind2=" ">
    <subfield code="a">ABA013</subfield>
    <subfield code="b">M 42</subfield>
  </datafield>
  <datafield tag="984" ind1=" " ind2=" ">
    <subfield code="a">Leipzig</subfield>
    <subfield code="b">Německo</subfield>
  </datafield>
</record>