

<record xmlns="http://www.loc.gov/MARC21/slim"
xmlns:xsi="http://www.w3.org/2001/XMLSchema-instance"
xsi:schemaLocation="http://www.loc.gov/MARC21/slim
http://www.loc.gov/standards/marcxml/schema/MARC21slim.xsd">
  <leader>00000nam a22      a 4500</leader>
  <controlfield tag="001">000601982</controlfield>
  <controlfield tag="003">CZ PrSTK</controlfield>
  <controlfield tag="005">20120109160929.0</controlfield>
  <controlfield tag="008">970902s1804    gw     |            ger</controlfield>
  <datafield tag="040" ind1=" " ind2=" ">
    <subfield code="a">ABA013</subfield>
    <subfield code="b">cze</subfield>
  </datafield>
  <datafield tag="080" ind1=" " ind2=" ">
    <subfield code="a">68</subfield>
    <subfield code="2">undef</subfield>
  </datafield>
  <datafield tag="084" ind1=" " ind2=" ">
    <subfield code="a">VII.B.h)</subfield>
  </datafield>
  <datafield tag="245" ind1="0" ind2="0">
    <subfield code="a">Beiträge zur Verbesserung des Mühlenbaues :</subfield>
    <subfield code="b">Zwei von der Hamburgischen Gesellschaft zur Beförderung der Künste und nützlichen Gewerbe gekrönte Preisschriften</subfield>
  </datafield>
  <datafield tag="260" ind1=" " ind2=" ">
    <subfield code="a">Hamburg :</subfield>
    <subfield code="b">bey Friedrich Perthes,</subfield>
    <subfield code="c">1804</subfield>
  </datafield>
  <datafield tag="300" ind1=" " ind2=" ">
    <subfield code="a">IV, 20 s., IV slož. listy obr. příl. :</subfield>
    <subfield code="b">techn. vyobraz. na příl. ;</subfield>
    <subfield code="c">28x22 cm</subfield>
  </datafield>
  <datafield tag="500" ind1=" " ind2=" ">
    <subfield code="a">Vazba polopergamenová hladká, desky červené zdobené linkami, ořízka na hlavě červeně barvená (převazba v l. 1965-1970)</subfield>
  </datafield>
  <datafield tag="505" ind1="2" ind2=" ">
    <subfield code="a">Obsahuje části: I. Preisschrift des ... W. Meissner zu Bückeburg Ueber die beste Art die Getriebe bey Mühlenwerken einzutheilen ... Str. 1-12. - II. Preisschrift des Herrn Mechanikus Uhlhorn Von Eintheilung der Kamm- und Stirnräder, Trillinge und Drehlinge bey Mühlen. Str. 13-20, IV slož. listy obr. příl.</subfield>
  </datafield>
  <datafield tag="561" ind1=" " ind2=" ">
    <subfield code="a">Na tit. str. oválné razítko B. S. techn. Inst., na str. 13 a na všech příl. oválné razítko Bibl. d. K. B. P. Landesinst., na předním přídeští exlibris K. B. S. techn. Lehranst.</subfield>
  </datafield>
  <datafield tag="500" ind1=" " ind2=" ">
    <subfield code="a">Tištěno gotikou, marginální odkazy k příl.</subfield>
  </datafield>
  <datafield tag="500" ind1=" " ind2=" ">
    <subfield code="a">Na příl. zobraz. mechanismu mlýnských kol</subfield>
  </datafield>
  <datafield tag="650" ind1="1" ind2="4">
    <subfield code="a">řemesla</subfield>
    <subfield code="x">mh</subfield>
    <subfield code="2">psh</subfield>
  </datafield>
  <datafield tag="700" ind1="1" ind2=" ">
    <subfield code="a">Meissner, W.</subfield>
  </datafield>
  <datafield tag="700" ind1="1" ind2=" ">
    <subfield code="a">Uhlhorn</subfield>
  </datafield>
  <datafield tag="710" ind1="2" ind2=" ">
    <subfield code="a">Friedrich Perthes (Hamburg) ((nakladatel))</subfield>
  </datafield>
  <datafield tag="856" ind1="4" ind2="1">
    <subfield code="u">http://k4.techlib.cz/search/handle/uuid:7ba952a0-387c-11e1-b86c-0800200c9a66</subfield>
    <subfield code="y">Digitalizovaný dokument</subfield>
  </datafield>
  <datafield tag="990" ind1=" " ind2=" ">
    <subfield code="b">HF601982</subfield>
    <subfield code="g">M 36</subfield>
    <subfield code="1">HF</subfield>
  </datafield>
  <datafield tag="991" ind1=" " ind2=" ">
    <subfield code="a">19</subfield>
  </datafield>
  <datafield tag="OWN" ind1=" " ind2=" ">
    <subfield code="a">PUBLIC</subfield>
  </datafield>
  <datafield tag="910" ind1=" " ind2=" ">
    <subfield code="b">M 36</subfield>
    <subfield code="a">ABA013</subfield>
  </datafield>
  <datafield tag="984" ind1=" " ind2=" ">
    <subfield code="a">Hamburg</subfield>
  </datafield>
</record>