

<record xmlns="http://www.loc.gov/MARC21/slim"
xmlns:xsi="http://www.w3.org/2001/XMLSchema-instance"
xsi:schemaLocation="http://www.loc.gov/MARC21/slim
http://www.loc.gov/standards/marcxml/schema/MARC21slim.xsd">
  <leader>00000nam a22      a 4500</leader>
  <controlfield tag="001">000607773</controlfield>
  <controlfield tag="003">CZ PrSTK</controlfield>
  <controlfield tag="005">20110916104019.0</controlfield>
  <controlfield tag="008">970902s1846    xr a   |      000 0 ger</controlfield>
  <datafield tag="040" ind1=" " ind2=" ">
    <subfield code="a">ABA013</subfield>
    <subfield code="b">cze</subfield>
  </datafield>
  <datafield tag="080" ind1=" " ind2=" ">
    <subfield code="a">663</subfield>
  </datafield>
  <datafield tag="084" ind1=" " ind2=" ">
    <subfield code="a">VII.C.i)</subfield>
  </datafield>
  <datafield tag="100" ind1="1" ind2=" ">
    <subfield code="a">Balling, Karel Napoleon,</subfield>
    <subfield code="d">1805-1868</subfield>
    <subfield code="7">jk01010700</subfield>
  </datafield>
  <datafield tag="245" ind1="1" ind2="0">
    <subfield code="a">Die sacharometrische Bier- und Branntweinmeischprobe /</subfield>
    <subfield code="c">von Carl J. N. Balling</subfield>
  </datafield>
  <datafield tag="260" ind1=" " ind2=" ">
    <subfield code="a">Prag :</subfield>
    <subfield code="b">Verlag der J.G. Calve&apos;schen Buchhandlung,</subfield>
    <subfield code="c">1846</subfield>
  </datafield>
  <datafield tag="300" ind1=" " ind2=" ">
    <subfield code="a">[8], 104 s., 11 složených l. obr. příl. :</subfield>
    <subfield code="b">il. ;</subfield>
    <subfield code="c">22x15 cm</subfield>
  </datafield>
  <datafield tag="500" ind1=" " ind2=" ">
    <subfield code="a">Vazba poloplátěná knihovnická, desky barevně mramorované</subfield>
  </datafield>
  <datafield tag="561" ind1=" " ind2=" ">
    <subfield code="a">Na tit. s. oválné razítko B.S. techn. Institut, na předtit. s., na s. 104 a některých příl. oválné razítko Bibliothek der k.k. technischen Hochschulen in Prag - Knihovna c.k. vysokých škol technických v Praze</subfield>
  </datafield>
  <datafield tag="500" ind1=" " ind2=" ">
    <subfield code="a">Tištěno gotikou</subfield>
  </datafield>
  <datafield tag="650" ind1="1" ind2="4">
    <subfield code="a">nápoje</subfield>
    <subfield code="x">pp</subfield>
    <subfield code="2">psh</subfield>
  </datafield>
  <datafield tag="710" ind1="2" ind2=" ">
    <subfield code="a">J.G. Calve (Praha).</subfield>
    <subfield code="b">(nakladatel, knihkupec)</subfield>
  </datafield>
  <datafield tag="856" ind1="4" ind2="1">
    <subfield code="u">http://df.ntkcz.cz/kramerius/handle/ABA013/23528</subfield>
    <subfield code="y">Digitalizovaný dokument</subfield>
  </datafield>
  <datafield tag="990" ind1=" " ind2=" ">
    <subfield code="b">HF607773</subfield>
    <subfield code="g">C 676</subfield>
    <subfield code="1">HF</subfield>
  </datafield>
  <datafield tag="991" ind1=" " ind2=" ">
    <subfield code="a">19</subfield>
  </datafield>
  <datafield tag="SKC" ind1=" " ind2=" ">
    <subfield code="a">r</subfield>
  </datafield>
  <datafield tag="OWN" ind1=" " ind2=" ">
    <subfield code="a">PUBLIC</subfield>
  </datafield>
  <datafield tag="910" ind1=" " ind2=" ">
    <subfield code="a">ABA013</subfield>
    <subfield code="b">C 676</subfield>
  </datafield>
  <datafield tag="984" ind1=" " ind2=" ">
    <subfield code="a">Praha</subfield>
    <subfield code="b">Česko</subfield>
  </datafield>
</record>