

<record xmlns="http://www.loc.gov/MARC21/slim"
xmlns:xsi="http://www.w3.org/2001/XMLSchema-instance"
xsi:schemaLocation="http://www.loc.gov/MARC21/slim
http://www.loc.gov/standards/marcxml/schema/MARC21slim.xsd">
  <leader>00000nam a22      a 4500</leader>
  <controlfield tag="001">000605820</controlfield>
  <controlfield tag="003">CZ PrSTK</controlfield>
  <controlfield tag="005">20110920091337.0</controlfield>
  <controlfield tag="008">001130s1875    xr     |            cze</controlfield>
  <datafield tag="040" ind1=" " ind2=" ">
    <subfield code="a">ABA013</subfield>
    <subfield code="b">cze</subfield>
  </datafield>
  <datafield tag="080" ind1=" " ind2=" ">
    <subfield code="a">728.9</subfield>
    <subfield code="2">undef</subfield>
  </datafield>
  <datafield tag="080" ind1=" " ind2=" ">
    <subfield code="a">725.2</subfield>
    <subfield code="2">undef</subfield>
  </datafield>
  <datafield tag="080" ind1=" " ind2=" ">
    <subfield code="a">725.4</subfield>
    <subfield code="2">undef</subfield>
  </datafield>
  <datafield tag="084" ind1=" " ind2=" ">
    <subfield code="a">XII.C.b)</subfield>
  </datafield>
  <datafield tag="100" ind1="1" ind2=" ">
    <subfield code="a">Bělohoubek, Antonín,</subfield>
    <subfield code="d">1845-1910</subfield>
    <subfield code="7">jk01011464</subfield>
  </datafield>
  <datafield tag="245" ind1="1" ind2="0">
    <subfield code="a">Několik slov o stavbě a zařizování pivovarův /</subfield>
    <subfield code="c">napsal Antonín Bělohoubek</subfield>
  </datafield>
  <datafield tag="260" ind1=" " ind2=" ">
    <subfield code="a">V Praze :</subfield>
    <subfield code="b">A. Bělohoubek, v komisi kněhkupectví Frant. Řivnáče,</subfield>
    <subfield code="c">1875</subfield>
  </datafield>
  <datafield tag="300" ind1=" " ind2=" ">
    <subfield code="a">30 s., 2 složené l. příl. s architekt. výkresy ;</subfield>
    <subfield code="c">33x24 cm</subfield>
  </datafield>
  <datafield tag="500" ind1=" " ind2=" ">
    <subfield code="a">Tištěno dvousloupcově</subfield>
    <subfield code="5">CZ-PrSTK</subfield>
  </datafield>
  <datafield tag="500" ind1=" " ind2=" ">
    <subfield code="a">Vazba poloplátěná knihovnická, na hřbetě zlaté identif. údaje</subfield>
    <subfield code="5">CZ-PrSTK</subfield>
  </datafield>
  <datafield tag="561" ind1=" " ind2=" ">
    <subfield code="a">Na tit. s. a na rubu příl. kulaté razítko Bibliothek der k.k. polytechn. Institute - Knihovna c.k. polytechn. ústavů</subfield>
    <subfield code="5">CZ-PrSTK</subfield>
  </datafield>
  <datafield tag="563" ind1=" " ind2=" ">
    <subfield code="a">Vazba poloplátěná knihovnická, na hřbetě zlaté identifikační údaje</subfield>
    <subfield code="5">CZ-PrSTK</subfield>
  </datafield>
  <datafield tag="580" ind1=" " ind2=" ">
    <subfield code="a">Zvláštní otisk z: 2. sešitu VII. ročníku &quot;Zpráv spolku architektů a inženýrů v Čechách&quot;</subfield>
  </datafield>
  <datafield tag="710" ind1="2" ind2=" ">
    <subfield code="a">František Řivnáč (Praha),</subfield>
    <subfield code="e">nakladatel, knihkupec</subfield>
  </datafield>
  <datafield tag="856" ind1="4" ind2="1">
    <subfield code="u">http://df.ntkcz.cz/kramerius/handle/ABA013/23523</subfield>
    <subfield code="y">Digitalizovaný dokument</subfield>
  </datafield>
  <datafield tag="991" ind1=" " ind2=" ">
    <subfield code="a">19</subfield>
  </datafield>
  <datafield tag="SKC" ind1=" " ind2=" ">
    <subfield code="a">r</subfield>
  </datafield>
  <datafield tag="OWN" ind1=" " ind2=" ">
    <subfield code="a">PUBLIC</subfield>
  </datafield>
  <datafield tag="910" ind1=" " ind2=" ">
    <subfield code="a">ABA013</subfield>
    <subfield code="b">C 1418</subfield>
  </datafield>
  <datafield tag="984" ind1=" " ind2=" ">
    <subfield code="a">Praha</subfield>
    <subfield code="b">Česko</subfield>
  </datafield>
</record>