

<record xmlns="http://www.loc.gov/MARC21/slim"
xmlns:xsi="http://www.w3.org/2001/XMLSchema-instance"
xsi:schemaLocation="http://www.loc.gov/MARC21/slim
http://www.loc.gov/standards/marcxml/schema/MARC21slim.xsd">
  <leader>00000nam a22      a 4500</leader>
  <controlfield tag="001">000605874</controlfield>
  <controlfield tag="003">CZ PrSTK</controlfield>
  <controlfield tag="005">20110922150052.0</controlfield>
  <controlfield tag="008">001130s1877    xr     f      000 0 cze d</controlfield>
  <datafield tag="040" ind1=" " ind2=" ">
    <subfield code="a">ABA013</subfield>
    <subfield code="b">cze</subfield>
  </datafield>
  <datafield tag="080" ind1=" " ind2=" ">
    <subfield code="a">663</subfield>
  </datafield>
  <datafield tag="084" ind1=" " ind2=" ">
    <subfield code="a">VII.C.i)</subfield>
  </datafield>
  <datafield tag="100" ind1="1" ind2=" ">
    <subfield code="a">Bělohoubek, Antonín,</subfield>
    <subfield code="d">1845-1910</subfield>
    <subfield code="7">jk01011464</subfield>
    <subfield code="4">aut</subfield>
    <subfield code="4">pbl</subfield>
  </datafield>
  <datafield tag="245" ind1="1" ind2="0">
    <subfield code="a">O vrchním kvašení mladinek pivních /</subfield>
    <subfield code="c">napsal Antonín Bělohoubek</subfield>
  </datafield>
  <datafield tag="260" ind1=" " ind2=" ">
    <subfield code="a">V Praze :</subfield>
    <subfield code="b">Antonín Bělohoubek v komisi kněhkupectví Frant. Řivnáče,</subfield>
    <subfield code="c">1877</subfield>
  </datafield>
  <datafield tag="300" ind1=" " ind2=" ">
    <subfield code="a">18 s.</subfield>
    <subfield code="c">26x17 cm</subfield>
  </datafield>
  <datafield tag="500" ind1=" " ind2=" ">
    <subfield code="a">Otisknuto z prvního ročníku &quot;Listů chemických&quot;</subfield>
    <subfield code="5">CZ-PrSTK</subfield>
  </datafield>
  <datafield tag="561" ind1=" " ind2=" ">
    <subfield code="a">Na tit. s., na přední s. obálky a na poslední nečíslované s. kulaté razítko Bibliothek der k.k. polytechn. Institute - Knihovna c.k. polytechnických ústavů v Praze</subfield>
    <subfield code="5">CZ-PrSTK</subfield>
  </datafield>
  <datafield tag="563" ind1=" " ind2=" ">
    <subfield code="a">Brožura ve světlých polotuhých deskách, na přední s. identif. údaje v rámečku s ornamenty v rozích</subfield>
    <subfield code="5">CZ-PrSTK</subfield>
  </datafield>
  <datafield tag="650" ind1="1" ind2="4">
    <subfield code="a">nápoje</subfield>
    <subfield code="x">pp</subfield>
    <subfield code="2">psh</subfield>
  </datafield>
  <datafield tag="700" ind1="1" ind2=" ">
    <subfield code="a">Řivnáč, Antonín,</subfield>
    <subfield code="d">1843-1917</subfield>
    <subfield code="7">jk01110234</subfield>
    <subfield code="4">prt</subfield>
  </datafield>
  <datafield tag="856" ind1="4" ind2="1">
    <subfield code="u">http://df.ntkcz.cz/kramerius/handle/ABA013/23525</subfield>
    <subfield code="y">Digitalizovaný dokument</subfield>
  </datafield>
  <datafield tag="991" ind1=" " ind2=" ">
    <subfield code="a">19</subfield>
  </datafield>
  <datafield tag="SKC" ind1=" " ind2=" ">
    <subfield code="a">r</subfield>
  </datafield>
  <datafield tag="OWN" ind1=" " ind2=" ">
    <subfield code="a">PUBLIC</subfield>
  </datafield>
  <datafield tag="910" ind1=" " ind2=" ">
    <subfield code="a">ABA013</subfield>
    <subfield code="b">C 1447</subfield>
  </datafield>
  <datafield tag="984" ind1=" " ind2=" ">
    <subfield code="a">Praha</subfield>
    <subfield code="b">Česko</subfield>
  </datafield>
</record>