

<record xmlns="http://www.loc.gov/MARC21/slim"
xmlns:xsi="http://www.w3.org/2001/XMLSchema-instance"
xsi:schemaLocation="http://www.loc.gov/MARC21/slim
http://www.loc.gov/standards/marcxml/schema/MARC21slim.xsd">
  <leader>00000nam a22      a 4500</leader>
  <controlfield tag="001">000670866</controlfield>
  <controlfield tag="003">CZ PrSTK</controlfield>
  <controlfield tag="005">20110913141604.0</controlfield>
  <controlfield tag="007">ta</controlfield>
  <controlfield tag="008">110303m18801882xr     f     |||| 0 cze d</controlfield>
  <datafield tag="040" ind1=" " ind2=" ">
    <subfield code="a">ABA013</subfield>
    <subfield code="b">cze</subfield>
    <subfield code="e">AACR2</subfield>
    <subfield code="9">1</subfield>
  </datafield>
  <datafield tag="072" ind1=" " ind2="7">
    <subfield code="a">663</subfield>
    <subfield code="x">Průmysl nápojů. Kvasný průmysl. Průmysl pochutin</subfield>
    <subfield code="2">Konspekt</subfield>
    <subfield code="9">19</subfield>
  </datafield>
  <datafield tag="072" ind1=" " ind2="7">
    <subfield code="a">37.016</subfield>
    <subfield code="x">Učební osnovy. Vyučovací předměty. Učebnice</subfield>
    <subfield code="2">Konspekt</subfield>
    <subfield code="9">22</subfield>
  </datafield>
  <datafield tag="080" ind1=" " ind2=" ">
    <subfield code="a">663.4(075)</subfield>
  </datafield>
  <datafield tag="100" ind1="1" ind2=" ">
    <subfield code="a">Suk, Josef Tomáš,</subfield>
    <subfield code="d">1842-1878</subfield>
    <subfield code="7">jk01121754</subfield>
  </datafield>
  <datafield tag="245" ind1="1" ind2="0">
    <subfield code="a">Nový Poupě :</subfield>
    <subfield code="b">katechismus pro sladovnické učenníky a tovaryše, jakož i pro každého, kdož snadným spůsobem o základech vaření piva poučení hledá /</subfield>
    <subfield code="c">na památku neocenitelného reformátora českého sladovnictví Františka Ondřeje Poupěte a k užitku veškerého stavu sladovnického sepsal Josef Tom. Suk</subfield>
  </datafield>
  <datafield tag="246" ind1="3" ind2="0">
    <subfield code="a">Katechismus pro sladovnické učenníky a tovaryše, jakož i pro každého, kdož snadným spůsobem o základech vaření piva poučení hledá</subfield>
  </datafield>
  <datafield tag="260" ind1=" " ind2=" ">
    <subfield code="a">V Praze :</subfield>
    <subfield code="b">Slavík &amp; Borový,</subfield>
    <subfield code="c">1880-[1882]</subfield>
    <subfield code="f">(Tiskem dra. Edv. Grégra)</subfield>
  </datafield>
  <datafield tag="300" ind1=" " ind2=" ">
    <subfield code="a">1 sv.</subfield>
  </datafield>
  <datafield tag="500" ind1=" " ind2=" ">
    <subfield code="a">Na frontispisu portrét F.O. Poupěte</subfield>
  </datafield>
  <datafield tag="500" ind1=" " ind2=" ">
    <subfield code="a">U 2. dílu poznámka: Tiskem Edv. Grégra 1881</subfield>
  </datafield>
  <datafield tag="505" ind1="0" ind2=" ">
    <subfield code="a">Díl 1. 1880. 268 s. -- Díl 2. [1882]. 254 s.</subfield>
  </datafield>
  <datafield tag="650" ind1="0" ind2="7">
    <subfield code="a">pivovarský průmysl</subfield>
    <subfield code="x">pp</subfield>
    <subfield code="2">psh</subfield>
  </datafield>
  <datafield tag="650" ind1="0" ind2="7">
    <subfield code="a">pivo</subfield>
    <subfield code="x">pp</subfield>
    <subfield code="2">psh</subfield>
  </datafield>
  <datafield tag="655" ind1=" " ind2="4">
    <subfield code="a">učebnice</subfield>
  </datafield>
  <datafield tag="856" ind1="4" ind2="1">
    <subfield code="u">http://df.ntkcz.cz/kramerius/handle/ABA013/23583</subfield>
    <subfield code="y">Digitalizovaný dokument</subfield>
  </datafield>
  <datafield tag="SKC" ind1=" " ind2=" ">
    <subfield code="a">r</subfield>
  </datafield>
  <datafield tag="OWN" ind1=" " ind2=" ">
    <subfield code="a">PUBLIC</subfield>
  </datafield>
  <datafield tag="910" ind1=" " ind2=" ">
    <subfield code="a">ABA013</subfield>
    <subfield code="b">HF 265</subfield>
  </datafield>
</record>