

<record xmlns="http://www.loc.gov/MARC21/slim"
xmlns:xsi="http://www.w3.org/2001/XMLSchema-instance"
xsi:schemaLocation="http://www.loc.gov/MARC21/slim
http://www.loc.gov/standards/marcxml/schema/MARC21slim.xsd">
  <leader>00000nam a22      a 4500</leader>
  <controlfield tag="001">000605975</controlfield>
  <controlfield tag="003">CZ PrSTK</controlfield>
  <controlfield tag="005">20110923083609.0</controlfield>
  <controlfield tag="008">001130s1881    xr     f      000 0 ger d</controlfield>
  <datafield tag="040" ind1=" " ind2=" ">
    <subfield code="a">ABA013</subfield>
    <subfield code="b">cze</subfield>
  </datafield>
  <datafield tag="080" ind1=" " ind2=" ">
    <subfield code="a">663</subfield>
  </datafield>
  <datafield tag="084" ind1=" " ind2=" ">
    <subfield code="a">VII.C.i)</subfield>
  </datafield>
  <datafield tag="100" ind1="1" ind2=" ">
    <subfield code="a">Bělohoubek, Antonín,</subfield>
    <subfield code="d">1845-1910</subfield>
    <subfield code="7">jk01011464</subfield>
    <subfield code="4">aut</subfield>
  </datafield>
  <datafield tag="245" ind1="1" ind2="0">
    <subfield code="a">Ueber die Obergährung von Bierwürzen /</subfield>
    <subfield code="c">von Ant. Bělohoubek</subfield>
  </datafield>
  <datafield tag="260" ind1=" " ind2=" ">
    <subfield code="a">Prag :</subfield>
    <subfield code="b">In Kommission von Fr. Řivnáč - Verlag des Brauindustrie-Vereines im Königr. Böhmen,</subfield>
    <subfield code="c">1881</subfield>
  </datafield>
  <datafield tag="300" ind1=" " ind2=" ">
    <subfield code="a">20 s. ;</subfield>
    <subfield code="c">26x17 cm</subfield>
  </datafield>
  <datafield tag="561" ind1=" " ind2=" ">
    <subfield code="a">Na tit. s. a na přední s. obálky kulaté razítko Bibliothek der k.k. technischen Hochschulen in Prag - Knihovna c.k. vysokých škol technických v Praze</subfield>
    <subfield code="5">CZ-PrSTK</subfield>
  </datafield>
  <datafield tag="563" ind1=" " ind2=" ">
    <subfield code="a">Brožura v měkké světlé obálce s identifikačními údaji (uloženo v kancel. obálce)</subfield>
    <subfield code="5">CZ-PrSTK</subfield>
  </datafield>
  <datafield tag="580" ind1=" " ind2=" ">
    <subfield code="a">Separát z: Zeitschrift des Brauindustrie-Vereines im Königreiche Böhmen</subfield>
  </datafield>
  <datafield tag="650" ind1="1" ind2="4">
    <subfield code="a">nápoje</subfield>
    <subfield code="x">pp</subfield>
    <subfield code="2">psh</subfield>
  </datafield>
  <datafield tag="700" ind1="1" ind2=" ">
    <subfield code="a">Řivnáč, František,</subfield>
    <subfield code="d">1807-1888</subfield>
    <subfield code="7">jk01110236</subfield>
    <subfield code="e">prt</subfield>
  </datafield>
  <datafield tag="856" ind1="4" ind2="1">
    <subfield code="u">http://df.ntkcz.cz/kramerius/handle/ABA013/23527</subfield>
    <subfield code="y">Digitalizovaný dokument</subfield>
  </datafield>
  <datafield tag="991" ind1=" " ind2=" ">
    <subfield code="a">19</subfield>
  </datafield>
  <datafield tag="SKC" ind1=" " ind2=" ">
    <subfield code="a">r</subfield>
  </datafield>
  <datafield tag="OWN" ind1=" " ind2=" ">
    <subfield code="a">PUBLIC</subfield>
  </datafield>
  <datafield tag="910" ind1=" " ind2=" ">
    <subfield code="a">ABA013</subfield>
    <subfield code="b">C 1529</subfield>
  </datafield>
  <datafield tag="984" ind1=" " ind2=" ">
    <subfield code="a">Praha</subfield>
    <subfield code="b">Česko</subfield>
  </datafield>
</record>