

<record xmlns="http://www.loc.gov/MARC21/slim"
xmlns:xsi="http://www.w3.org/2001/XMLSchema-instance"
xsi:schemaLocation="http://www.loc.gov/MARC21/slim
http://www.loc.gov/standards/marcxml/schema/MARC21slim.xsd">
  <leader>00000nam a22      a 4500</leader>
  <controlfield tag="001">000670865</controlfield>
  <controlfield tag="003">CZ PrSTK</controlfield>
  <controlfield tag="005">20110912142426.0</controlfield>
  <controlfield tag="007">ta</controlfield>
  <controlfield tag="008">110303s1886    xr     f     |||| 0 cze d</controlfield>
  <datafield tag="040" ind1=" " ind2=" ">
    <subfield code="a">ABA013</subfield>
    <subfield code="b">cze</subfield>
  </datafield>
  <datafield tag="072" ind1=" " ind2="7">
    <subfield code="a">663</subfield>
    <subfield code="x">Průmysl nápojů. Kvasný průmysl. Průmysl pochutin</subfield>
    <subfield code="2">Konspekt</subfield>
    <subfield code="9">19</subfield>
  </datafield>
  <datafield tag="080" ind1=" " ind2=" ">
    <subfield code="a">663.4</subfield>
  </datafield>
  <datafield tag="100" ind1="1" ind2=" ">
    <subfield code="a">Chodounský, František,</subfield>
    <subfield code="d">1845-1924</subfield>
    <subfield code="7">jk01050285</subfield>
  </datafield>
  <datafield tag="245" ind1="1" ind2="0">
    <subfield code="a">Několik listů o pivě a pivovarnictví /</subfield>
    <subfield code="c">napsal František Chodounský</subfield>
  </datafield>
  <datafield tag="260" ind1=" " ind2=" ">
    <subfield code="a">V Praze :</subfield>
    <subfield code="b">František Chodounský,</subfield>
    <subfield code="c">1886</subfield>
  </datafield>
  <datafield tag="300" ind1=" " ind2=" ">
    <subfield code="a">64 s.</subfield>
  </datafield>
  <datafield tag="561" ind1=" " ind2=" ">
    <subfield code="a">Na tit. s. a na s. 21, 31, 45, 55 kulaté vlastnické razítko Knihovna Nár. Techn. Musea v Praze. Na tit. s. obdélníkové vlastnické razítko Nár. technické museum knihovna</subfield>
    <subfield code="5">CZ-PrSTK</subfield>
  </datafield>
  <datafield tag="650" ind1="0" ind2="7">
    <subfield code="a">pivovarský průmysl</subfield>
    <subfield code="x">pp</subfield>
    <subfield code="2">psh</subfield>
  </datafield>
  <datafield tag="650" ind1="0" ind2="7">
    <subfield code="a">pivo</subfield>
    <subfield code="x">pp</subfield>
    <subfield code="2">psh</subfield>
  </datafield>
  <datafield tag="655" ind1=" " ind2="4">
    <subfield code="a">monografie</subfield>
  </datafield>
  <datafield tag="856" ind1="4" ind2="1">
    <subfield code="u">http://df.ntkcz.cz/kramerius/handle/ABA013/23587</subfield>
    <subfield code="y">Digitalizovaný dokument</subfield>
  </datafield>
  <datafield tag="SKC" ind1=" " ind2=" ">
    <subfield code="a">r</subfield>
  </datafield>
  <datafield tag="OWN" ind1=" " ind2=" ">
    <subfield code="a">PUBLIC</subfield>
  </datafield>
  <datafield tag="910" ind1=" " ind2=" ">
    <subfield code="a">ABA013</subfield>
    <subfield code="b">HF 264</subfield>
  </datafield>
</record>