

<record xmlns="http://www.loc.gov/MARC21/slim"
xmlns:xsi="http://www.w3.org/2001/XMLSchema-instance"
xsi:schemaLocation="http://www.loc.gov/MARC21/slim
http://www.loc.gov/standards/marcxml/schema/MARC21slim.xsd">
  <leader>00000nam a22      a 4500</leader>
  <controlfield tag="001">000612324</controlfield>
  <controlfield tag="003">CZ PrSTK</controlfield>
  <controlfield tag="005">20110916145120.0</controlfield>
  <controlfield tag="008">970902s1886    gw     |      000 0 ger</controlfield>
  <datafield tag="040" ind1=" " ind2=" ">
    <subfield code="a">ABA013</subfield>
    <subfield code="b">cze</subfield>
  </datafield>
  <datafield tag="080" ind1=" " ind2=" ">
    <subfield code="a">517</subfield>
  </datafield>
  <datafield tag="084" ind1=" " ind2=" ">
    <subfield code="a">IV.B.d)</subfield>
  </datafield>
  <datafield tag="100" ind1="1" ind2=" ">
    <subfield code="a">Pfeiffer, Ernst</subfield>
    <subfield code="4">aut</subfield>
  </datafield>
  <datafield tag="245" ind1="1" ind2="0">
    <subfield code="a">Jahres-Bericht der Pfeiffer&apos;schen Lehr- und Erziehungs-Anstalt zu Jena über das Schuljahr von Ostern 1885 bis Ostern 1886</subfield>
  </datafield>
  <datafield tag="260" ind1=" " ind2=" ">
    <subfield code="a">Jena :</subfield>
    <subfield code="b">Druck von A. Neuenhahn,</subfield>
    <subfield code="c">1886</subfield>
  </datafield>
  <datafield tag="300" ind1=" " ind2=" ">
    <subfield code="a">31 s.</subfield>
  </datafield>
  <datafield tag="501" ind1=" " ind2=" ">
    <subfield code="a">Přívazek k: Programme d&apos;invitation a l&apos;examen public du Collége royal francais, fixé au 30 Septembre 1863</subfield>
    <subfield code="5">CZ-PrSTK</subfield>
  </datafield>
  <datafield tag="505" ind1="0" ind2="0">
    <subfield code="t">Über die Periodicität in der Teilbarkeit der Zahlen und über die Verteilung der Klassen positiver quadratischer Formen auf ihre Determinanten /</subfield>
    <subfield code="r">vom Direktor [Ernst Pfeiffer]</subfield>
  </datafield>
  <datafield tag="505" ind1="0" ind2="0">
    <subfield code="t">Schulnachrichten /</subfield>
    <subfield code="r">von demselben [Ernst Pfeiffer]</subfield>
  </datafield>
  <datafield tag="610" ind1="0" ind2="4">
    <subfield code="a">Pfeiffersche Lehr- und Erziehungs-Anstalt zu Jena</subfield>
  </datafield>
  <datafield tag="650" ind1="1" ind2="4">
    <subfield code="a">matematická analýza</subfield>
    <subfield code="x">ma</subfield>
    <subfield code="2">psh</subfield>
  </datafield>
  <datafield tag="650" ind1="1" ind2="4">
    <subfield code="a">variační počet</subfield>
    <subfield code="x">ma</subfield>
    <subfield code="2">psh</subfield>
  </datafield>
  <datafield tag="856" ind1="4" ind2="1">
    <subfield code="u">http://df.ntkcz.cz/kramerius/handle/ABA013/23600</subfield>
    <subfield code="y">Digitalizovaný dokument</subfield>
  </datafield>
  <datafield tag="991" ind1=" " ind2=" ">
    <subfield code="a">19</subfield>
  </datafield>
  <datafield tag="SKC" ind1=" " ind2=" ">
    <subfield code="a">r</subfield>
  </datafield>
  <datafield tag="LKR" ind1=" " ind2=" ">
    <subfield code="a">ITM</subfield>
    <subfield code="b">000820210</subfield>
    <subfield code="l">STK50</subfield>
  </datafield>
  <datafield tag="OWN" ind1=" " ind2=" ">
    <subfield code="a">PUBLIC</subfield>
  </datafield>
  <datafield tag="910" ind1=" " ind2=" ">
    <subfield code="a">ABA013</subfield>
    <subfield code="b">A 1177</subfield>
  </datafield>
  <datafield tag="984" ind1=" " ind2=" ">
    <subfield code="a">Jena</subfield>
    <subfield code="b">Německo</subfield>
  </datafield>
</record>