

<record xmlns="http://www.loc.gov/MARC21/slim"
xmlns:xsi="http://www.w3.org/2001/XMLSchema-instance"
xsi:schemaLocation="http://www.loc.gov/MARC21/slim
http://www.loc.gov/standards/marcxml/schema/MARC21slim.xsd">
  <leader>00000nam a22      a 4500</leader>
  <controlfield tag="001">000674394</controlfield>
  <controlfield tag="003">CZ PrSTK</controlfield>
  <controlfield tag="005">20110912144137.0</controlfield>
  <controlfield tag="008">980910s1895    xr            ||| | ger d</controlfield>
  <datafield tag="040" ind1=" " ind2=" ">
    <subfield code="a">CBA001</subfield>
    <subfield code="b">cze</subfield>
    <subfield code="d">CBD007</subfield>
    <subfield code="d">ABA013</subfield>
  </datafield>
  <datafield tag="072" ind1=" " ind2="7">
    <subfield code="a">663</subfield>
    <subfield code="x">Průmysl nápojů. Kvasný průmysl. Průmysl pochutin</subfield>
    <subfield code="2">Konspekt</subfield>
    <subfield code="9">19</subfield>
  </datafield>
  <datafield tag="080" ind1=" " ind2=" ">
    <subfield code="a">663.4(439.319)(091)</subfield>
  </datafield>
  <datafield tag="100" ind1="1" ind2=" ">
    <subfield code="a">Huyer, Reinhold,</subfield>
    <subfield code="d">1850-1928</subfield>
    <subfield code="7">xx0006754</subfield>
    <subfield code="4">aut</subfield>
  </datafield>
  <datafield tag="245" ind1="1" ind2="0">
    <subfield code="a">Geschichte des Bräuwesens in Budweis :</subfield>
    <subfield code="h">[elektronický zdroj]</subfield>
    <subfield code="b">eine Festschrift zum hundertjährigen Bestande des Bürgerlichen Bräuhauses /</subfield>
    <subfield code="c">verfasst von Reinhold Huyer</subfield>
  </datafield>
  <datafield tag="246" ind1="1" ind2="4">
    <subfield code="a">Bürgerl Brauhaus Budweis</subfield>
  </datafield>
  <datafield tag="256" ind1=" " ind2=" ">
    <subfield code="a">Textová data</subfield>
  </datafield>
  <datafield tag="260" ind1=" " ind2=" ">
    <subfield code="a">Budweis :</subfield>
    <subfield code="b">Selbstverlag des Bräuauschusses,</subfield>
    <subfield code="c">1895</subfield>
  </datafield>
  <datafield tag="300" ind1=" " ind2=" ">
    <subfield code="a">viii, 369 s., [8] obr. příl.</subfield>
    <subfield code="b">il.</subfield>
  </datafield>
  <datafield tag="506" ind1=" " ind2=" ">
    <subfield code="a">Přístup pouze pro oprávněné uživatele</subfield>
  </datafield>
  <datafield tag="538" ind1=" " ind2=" ">
    <subfield code="a">On-line přístup</subfield>
  </datafield>
  <datafield tag="650" ind1="0" ind2="7">
    <subfield code="a">pivovary</subfield>
    <subfield code="x">pp</subfield>
    <subfield code="2">psh</subfield>
  </datafield>
  <datafield tag="650" ind1="0" ind2="7">
    <subfield code="a">pivovarský průmysl</subfield>
    <subfield code="x">pp</subfield>
    <subfield code="2">psh</subfield>
  </datafield>
  <datafield tag="650" ind1="0" ind2="7">
    <subfield code="a">historie</subfield>
    <subfield code="x">hi</subfield>
    <subfield code="2">psh</subfield>
  </datafield>
  <datafield tag="651" ind1=" " ind2="4">
    <subfield code="a">České Budějovice (Česko)</subfield>
  </datafield>
  <datafield tag="655" ind1=" " ind2="4">
    <subfield code="a">elektronické knihy</subfield>
  </datafield>
  <datafield tag="856" ind1="4" ind2="1">
    <subfield code="u">http://df.ntkcz.cz/kramerius/handle/ABA013/23599</subfield>
    <subfield code="y">Digitalizovaný dokument</subfield>
  </datafield>
  <datafield tag="OWN" ind1=" " ind2=" ">
    <subfield code="a">PUBLIC</subfield>
  </datafield>
  <datafield tag="910" ind1=" " ind2=" ">
    <subfield code="a">ABA013</subfield>
    <subfield code="b">EB 00927</subfield>
  </datafield>
</record>