

<record xmlns="http://www.loc.gov/MARC21/slim"
xmlns:xsi="http://www.w3.org/2001/XMLSchema-instance"
xsi:schemaLocation="http://www.loc.gov/MARC21/slim
http://www.loc.gov/standards/marcxml/schema/MARC21slim.xsd">
  <leader>00000nam a22      a 4500</leader>
  <controlfield tag="001">000674402</controlfield>
  <controlfield tag="003">CZ PrSTK</controlfield>
  <controlfield tag="005">20110909164630.0</controlfield>
  <controlfield tag="008">110811s1895    xr     f     |||| 0 ger d</controlfield>
  <datafield tag="040" ind1=" " ind2=" ">
    <subfield code="a">ABA013</subfield>
    <subfield code="b">cze</subfield>
  </datafield>
  <datafield tag="072" ind1=" " ind2="7">
    <subfield code="a">663</subfield>
    <subfield code="x">Průmysl nápojů. Kvasný průmysl. Průmysl pochutin</subfield>
    <subfield code="2">Konspekt</subfield>
    <subfield code="9">19</subfield>
  </datafield>
  <datafield tag="080" ind1=" " ind2=" ">
    <subfield code="a">663.4(437.319)(091)</subfield>
  </datafield>
  <datafield tag="245" ind1="0" ind2="0">
    <subfield code="a">Gedenkblatt zum hundertjährigen Bestande des bürgerlichen Bräuhauses in Budweis</subfield>
    <subfield code="h">[elektronický zdroj] :</subfield>
    <subfield code="b">1795-1895</subfield>
  </datafield>
  <datafield tag="246" ind1="1" ind2="4">
    <subfield code="a">Bürgerliches Bräuhaus Budweis</subfield>
  </datafield>
  <datafield tag="256" ind1=" " ind2=" ">
    <subfield code="a">Textová data</subfield>
  </datafield>
  <datafield tag="260" ind1=" " ind2=" ">
    <subfield code="a">Budweis :</subfield>
    <subfield code="b">Im Selbstverlage des Bräuausschusses,</subfield>
    <subfield code="c">1895</subfield>
    <subfield code="e">(Budweis :</subfield>
    <subfield code="f">August Gothmann)</subfield>
  </datafield>
  <datafield tag="300" ind1=" " ind2=" ">
    <subfield code="a">23 s.</subfield>
  </datafield>
  <datafield tag="506" ind1=" " ind2=" ">
    <subfield code="a">Přístup pouze pro oprávněné uživatele</subfield>
  </datafield>
  <datafield tag="538" ind1=" " ind2=" ">
    <subfield code="a">On-line přístup</subfield>
  </datafield>
  <datafield tag="650" ind1="0" ind2="7">
    <subfield code="a">pivovary</subfield>
    <subfield code="x">pp</subfield>
    <subfield code="2">psh</subfield>
  </datafield>
  <datafield tag="650" ind1="0" ind2="7">
    <subfield code="a">historie</subfield>
    <subfield code="x">hi</subfield>
    <subfield code="2">psh</subfield>
  </datafield>
  <datafield tag="651" ind1=" " ind2="4">
    <subfield code="a">České Budějovice (Česko)</subfield>
  </datafield>
  <datafield tag="655" ind1=" " ind2="4">
    <subfield code="a">elektronické knihy</subfield>
  </datafield>
  <datafield tag="856" ind1="4" ind2="1">
    <subfield code="u">http://df.ntkcz.cz/kramerius/handle/ABA013/23598</subfield>
    <subfield code="y">Digitalizovaný dokument</subfield>
  </datafield>
  <datafield tag="OWN" ind1=" " ind2=" ">
    <subfield code="a">PUBLIC</subfield>
  </datafield>
  <datafield tag="910" ind1=" " ind2=" ">
    <subfield code="a">ABA013</subfield>
    <subfield code="b">EB 00929</subfield>
  </datafield>
</record>