

<record xmlns="http://www.loc.gov/MARC21/slim"
xmlns:xsi="http://www.w3.org/2001/XMLSchema-instance"
xsi:schemaLocation="http://www.loc.gov/MARC21/slim
http://www.loc.gov/standards/marcxml/schema/MARC21slim.xsd">
  <leader>00000nam a22      a 4500</leader>
  <controlfield tag="001">000335759</controlfield>
  <controlfield tag="003">CZ PrSTK</controlfield>
  <controlfield tag="005">20110913134324.0</controlfield>
  <controlfield tag="008">030515s1905    xr a   f      000 0 cze d</controlfield>
  <datafield tag="040" ind1=" " ind2=" ">
    <subfield code="a">ABA013</subfield>
    <subfield code="b">cze</subfield>
  </datafield>
  <datafield tag="072" ind1=" " ind2="7">
    <subfield code="a">663</subfield>
    <subfield code="x">Průmysl nápojů. Kvasný průmysl. Průmysl pochutin</subfield>
    <subfield code="2">Konspekt</subfield>
    <subfield code="9">19</subfield>
  </datafield>
  <datafield tag="080" ind1=" " ind2=" ">
    <subfield code="a">663.4(035)</subfield>
  </datafield>
  <datafield tag="100" ind1="1" ind2=" ">
    <subfield code="a">Chodounský, František,</subfield>
    <subfield code="d">1845-1924</subfield>
    <subfield code="7">jk01050285</subfield>
    <subfield code="4">aut</subfield>
  </datafield>
  <datafield tag="245" ind1="1" ind2="0">
    <subfield code="a">Pivovarství /</subfield>
    <subfield code="c">František Chodounský</subfield>
  </datafield>
  <datafield tag="260" ind1=" " ind2=" ">
    <subfield code="a">V Praze :</subfield>
    <subfield code="b">Nákladem kuratoria I. veřejné odborné sladovnické školy,</subfield>
    <subfield code="c">1905</subfield>
  </datafield>
  <datafield tag="300" ind1=" " ind2=" ">
    <subfield code="a">3 sv. :</subfield>
    <subfield code="b">il.</subfield>
  </datafield>
  <datafield tag="490" ind1="0" ind2=" ">
    <subfield code="a">Encyklopaedie pivovarství ;</subfield>
    <subfield code="v">díl 1, sv. 1, seš. 1-3</subfield>
  </datafield>
  <datafield tag="505" ind1="0" ind2=" ">
    <subfield code="a">díl. 1, sv. 1, seš. 1. 144 s. -- díl. 1, sv. 1, seš. 2. s. 145-206 -- díl. 1, sv. 1, seš. 3. s. 208-306, [4] s. obr. příl.</subfield>
  </datafield>
  <datafield tag="650" ind1="0" ind2="7">
    <subfield code="a">pivovarský průmysl</subfield>
    <subfield code="x">pp</subfield>
    <subfield code="2">psh</subfield>
  </datafield>
  <datafield tag="650" ind1="0" ind2="7">
    <subfield code="a">pivo</subfield>
    <subfield code="x">pp</subfield>
    <subfield code="2">psh</subfield>
  </datafield>
  <datafield tag="655" ind1=" " ind2="4">
    <subfield code="a">příručky</subfield>
  </datafield>
  <datafield tag="830" ind1=" " ind2="0">
    <subfield code="a">Encyklopaedie pivovarství ;</subfield>
    <subfield code="v">díl 1, sv. 1, seš. 1-3</subfield>
  </datafield>
  <datafield tag="856" ind1="4" ind2="1">
    <subfield code="u">http://df.ntkcz.cz/kramerius/handle/ABA013/23530</subfield>
    <subfield code="y">Digitalizovaný dokument</subfield>
  </datafield>
  <datafield tag="SKC" ind1=" " ind2=" ">
    <subfield code="a">r</subfield>
  </datafield>
  <datafield tag="OWN" ind1=" " ind2=" ">
    <subfield code="a">PUBLIC</subfield>
  </datafield>
  <datafield tag="910" ind1=" " ind2=" ">
    <subfield code="a">ABA013</subfield>
    <subfield code="b">158162</subfield>
    <subfield code="s">díl 1, seš. 1-3</subfield>
  </datafield>
</record>